%% This BibTeX bibliography file was created using BibDesk.
%% http://bibdesk.sourceforge.net/


%% Created for 骏龙 高 at 2014-07-29 17:57:15 +0800 


%% Saved with string encoding Unicode (UTF-8) 



@book{awrejcewicz2012classical,
	Author = {Awrejcewicz, Jan},
	Date-Added = {2014-07-29 09:56:42 +0000},
	Date-Modified = {2014-07-29 09:56:42 +0000},
	Publisher = {Springer},
	Title = {Classical mechanics: kinematics and statics},
	Volume = {28},
	Year = {2012}}

@book{borwein1987pi,
	Author = {Borwein, Jonathan M and Borwein, Peter B},
	Date-Added = {2014-07-29 09:33:19 +0000},
	Date-Modified = {2014-07-29 09:33:19 +0000},
	Publisher = {Wiley-Interscience},
	Title = {Pi and the AGM: a study in the analytic number theory and computational complexity},
	Year = {1987}}

@book{carroll1917through,
	Author = {Carroll, Lewis},
	Date-Added = {2014-07-29 09:32:06 +0000},
	Date-Modified = {2014-07-29 09:32:06 +0000},
	Publisher = {Rand, McNally},
	Title = {Through the looking glass: And what Alice found there},
	Year = {1917}}

@book{christie1960murder,
	Author = {Christie, Agatha},
	Date-Added = {2014-07-29 09:31:41 +0000},
	Date-Modified = {2014-07-29 09:31:41 +0000},
	Publisher = {Pioneer Drama Service, Inc.},
	Title = {Murder on the Orient express},
	Year = {1960}}

@book{mccleary2012geometry,
	Author = {McCleary, John},
	Date-Added = {2014-07-29 09:30:37 +0000},
	Date-Modified = {2014-07-29 09:30:37 +0000},
	Publisher = {Cambridge University Press},
	Title = {Geometry from a differentiable viewpoint},
	Year = {2012}}

@book{huygens1966horologium,
	Author = {Huygens, Christiaan},
	Date-Added = {2014-07-29 09:29:34 +0000},
	Date-Modified = {2014-07-29 09:29:34 +0000},
	Publisher = {Dawson},
	Title = {Horologium oscillatorium: 1673},
	Year = {1966}}

@article{abel1827recherches,
	Author = {Abel, Niels Henrik},
	Date-Added = {2014-07-29 09:28:23 +0000},
	Date-Modified = {2014-07-29 09:28:23 +0000},
	Journal = {Journal f{\"u}r die reine und angewandte Mathematik},
	Pages = {101--181},
	Title = {Recherches sur les fonctions elliptiques.},
	Volume = {2},
	Year = {1827}}

@book{dunham1990journey,
	Author = {Dunham, William},
	Date-Added = {2014-07-29 09:27:57 +0000},
	Date-Modified = {2014-07-29 09:27:57 +0000},
	Publisher = {Wiley},
	Title = {Journey through genius},
	Year = {1990}}

@book{loomis1968advanced,
	Author = {Loomis, Lynn H and Sternberg, Shlomo},
	Date-Added = {2014-07-29 09:26:51 +0000},
	Date-Modified = {2014-07-29 09:26:51 +0000},
	Publisher = {Addison-Wesley Reading, Mass.},
	Title = {Advanced calculus},
	Year = {1968}}

@book{rudin1964principles,
	Author = {Rudin, Walter},
	Date-Added = {2014-07-29 09:26:29 +0000},
	Date-Modified = {2014-07-29 09:26:29 +0000},
	Publisher = {McGraw-Hill New York},
	Title = {Principles of mathematical analysis},
	Volume = {3},
	Year = {1964}}

@misc{stein2003complex,
	Author = {Stein, Elias M and Shakarchi, Rami},
	Date-Added = {2014-07-29 09:25:32 +0000},
	Date-Modified = {2014-07-29 09:25:32 +0000},
	Publisher = {Princeton University Press, Princeton, NJ},
	Title = {Complex analysis. Princeton Lectures in Analysis, II},
	Year = {2003}}

@book{laubenbacher2007mathematical,
	Author = {Laubenbacher, Reinhard and Knoebel, Art},
	Date-Added = {2014-07-29 09:22:47 +0000},
	Date-Modified = {2014-07-29 09:22:47 +0000},
	Publisher = {Springer},
	Title = {Mathematical masterpieces: further chronicles by the explorers},
	Year = {2007}}
